@Book{Crap,
  author =	 {Mr. Craper},
  title = 	 {Crack hair},
  address = {My ass},
  publisher = 	 {Ehud Kroll the troll},
  year = 	 1999
}

